%% This BibTeX bibliography file was created using BibDesk.
%% http://bibdesk.sourceforge.net/

%% Saved with string encoding Unicode (UTF-8) 


@inproceedings{krizhevsky2012imagenet,
  title={Imagenet classification with deep convolutional neural networks},
  author={Krizhevsky, Alex and Sutskever, Ilya and Hinton, Geoffrey E},
  booktitle={Advances in neural information processing systems},
  pages={1097--1105},
  year={2012}
}

@article{DBLP:journals/corr/OrensteinBPS15,
  author    = {Eric C. Orenstein and
               Oscar Beijbom and
               Emily E. Peacock and
               Heidi M. Sosik},
  title     = {WHOI-Plankton- {A} Large Scale Fine Grained Visual Recognition Benchmark
               Dataset for Plankton Classification},
  journal   = {CoRR},
  volume    = {abs/1510.00745},
  year      = {2015},
  url       = {http://arxiv.org/abs/1510.00745},
  timestamp = {Sun, 01 Nov 2015 17:30:45 +0100},
  biburl    = {http://dblp.uni-trier.de/rec/bib/journals/corr/OrensteinBPS15},
  bibsource = {dblp computer science bibliography, http://dblp.org}
}

@inproceedings{yosinski2014transferable,
  title={How transferable are features in deep neural networks?},
  author={Yosinski, Jason and Clune, Jeff and Bengio, Yoshua and Lipson, Hod},
  booktitle={Advances in neural information processing systems},
  pages={3320--3328},
  year={2014}
}

@inproceedings{accv2016Dai,
  title={A Hybrid Convolutional Neural Network for Plankton Classification},
  author={Jialun,Dai and Zhibin,Yu and Haiyong,Zheng and Bing,Zheng and Nan,Wang},
  year={2016}
}

@inproceedings{deepneuralnetwork,
  title={Plankton classification with deep convolutional neural networks},
  author={Ouyang,Py and Hong,Hu and Zhongzhi,Shi},
  booktitle={2016 IEEE Information Technology, Networking, Electronic and Automation Control Conference},
  pages={132-136},
  year={2016}
}

@inproceedings{DNN,
  title={Multi-column Deep Neural Networks for Image Classification},
  author={Dan,Ciresan and Ueli,Meier and Jurgen,Schmidhuber},
  booktitle={2012 IEEE Conference on Computer Vision and Pattern Recognition},
  pages={3642 - 3649},
  year={2012}
}