%% This BibTeX bibliography file was created using BibDesk.
%% http://bibdesk.sourceforge.net/

%% Saved with string encoding Unicode (UTF-8) 


@inproceedings{krizhevsky2012imagenet,
  title={Imagenet classification with deep convolutional neural networks},
  author={Krizhevsky, Alex and Sutskever, Ilya and Hinton, Geoffrey E},
  booktitle={Advances in neural information processing systems},
  pages={1097--1105},
  year={2012}
}

@article{DBLP:journals/corr/OrensteinBPS15,
  author    = {Eric C. Orenstein and
               Oscar Beijbom and
               Emily E. Peacock and
               Heidi M. Sosik},
  title     = {WHOI-Plankton- {A} Large Scale Fine Grained Visual Recognition Benchmark
               Dataset for Plankton Classification},
  journal   = {CoRR},
  volume    = {abs/1510.00745},
  year      = {2015},
  url       = {http://arxiv.org/abs/1510.00745},
  timestamp = {Sun, 01 Nov 2015 17:30:45 +0100},
  biburl    = {http://dblp.uni-trier.de/rec/bib/journals/corr/OrensteinBPS15},
  bibsource = {dblp computer science bibliography, http://dblp.org}
}

@inproceedings{yosinski2014transferable,
  title={How transferable are features in deep neural networks?},
  author={Yosinski, Jason and Clune, Jeff and Bengio, Yoshua and Lipson, Hod},
  booktitle={Advances in neural information processing systems},
  pages={3320--3328},
  year={2014}
}

